@article{Das:2014sra,
      author         = "Das, Diganta and Hiller, Gudrun and Jung, Martin and
                        Shires, Alex",
      title          = "{The $\bar B \to \bar K \pi \ell \ell$ and $\bar B_s \to
                        \bar K K \ell \ell$ distributions at low hadronic recoil}",
      year           = "2014",
      eprint         = "1406.6681",
      archivePrefix  = "arXiv",
      primaryClass   = "hep-ph",
      reportNumber   = "DO-TH-14-10, QFET-2014-09",
      SLACcitation   = "%%CITATION = ARXIV:1406.6681;%%",
}

@article{Blake:2012mb,
    author         = "Blake, Thomas and Egede, Ulrik and Shires, Alex",
    title          = "{The effect of S-wave interference on the $B^0 \to
        K^{\ast 0}\ell^+\ell^-$ angular observables}",
	year           = "2012",
	eprint         = "1210.5279",
	archivePrefix  = "arXiv",
	primaryClass   = "hep-ph",
	reportNumber   = "IC-HEP-12-03",
	SLACcitation   = "%%CITATION = ARXIV:1210.5279;%%",
}


@article{Blake:2012mb2,
      author         = "Blake, Thomas and Egede, Ulrik and Shires, Alex",
      title          = "{The effect of S-wave interference on the $B^0 \to
                        K^{\ast 0}\ell^+\ell^-$ angular observables}",
      journal        = "JHEP",
      volume         = "03",
      pages          = "027",
      doi            = "10.1007/JHEP03(2013)027",
      year           = "2013",
      eprint         = "1210.5279",
      archivePrefix  = "arXiv",
      primaryClass   = "hep-ph",
      reportNumber   = "IC-HEP-12-03",
      SLACcitation   = "%%CITATION = ARXIV:1210.5279;%%",
}


@article{LHCb-PAPER-2011-020,
      author         = "Aaij, R. and others",
      collaboration  = "LHCb collaboration",
      title          = "{Differential branching fraction and angular analysis of the decay $B^{0} \rightarrow K^{*0} \mu^+ \mu^-$}",
      journal        = "Phys.Rev.Lett.",
      volume         = "108",
      pages          = "181806",
      doi            = "10.1103/PhysRevLett.108.181806",
      year           = "2012",
      eprint         = "1112.3515",
      archivePrefix  = "arXiv",
      primaryClass   = "hep-ex",
      reportNumber   = "LHCb-PAPER-2011-020, CERN-PH-EP-2011-211",
      SLACcitation   = "%%CITATION = ARXIV:1112.3515;%%",
}

@lhcbreport{LHCb-CONF-2012-008,
      number       = "LHCb-CONF-2012-008",
      collaboration= "LHCb collaboration",
      title        = "{Differential branching fraction and angular analysis of the $B^{0} \to K^{*0} \mu^{+}\mu^{-}$ decay}",
      month        = "Feb",
      year         = "2012",
      url         =  "http://cds.cern.ch/record/1427691",
}

@lhcbreport{Shires:1459485,
      author       = "Shires, Alexander",
      title        = "{Testing the helicity structure of new physics with rare decays at LHCb}",
      month        = "Jul",
      year         = "2012",
      note         = "Spin-PRAHA",
      number = "LHCb-TALK-2012-189",
      url = "http://cds.cern.ch/record/1459485",
}

@unpublished{ShiresIOP,
      author       = "Shires, Alexander",
      title        = "{Angular analysis of $B^{0} \to K^{*0} \mu^{+}\mu^{-}$ at LHCb}",
      month        = "April",
      year         = "2012",
      note         = "IOP HEPP Annual Meeting",
}

@unpublished{Shires:DortmundTalk,
      author       = "Shires, Alexander",
      title        = "{Exploring \BdToKstmm at \lhcb}",
      month        = "April",
      year         = "2013",
      note         = "TU Dortmund Seminar",
}

@unpublished{Shires:BonnTalk,
      author       = "Shires, Alexander",
      title        = "{Electroweak penguins at \lhcb}",
      month        = "October",
      year         = "2013",
      note         = "Bonn Seminar",
}


@lhcbreport{Shires:AspenTalk,
      author        = "Shires, Alexander",
      title         = "{Rare heavy flavour decays at the LHC}",
      month         = "Jan",
      year          = "2014",
      note         = "Frontiers in Particle Physics, Aspen",
      number = "LHCb-TALK-2014-008",
      url = "http://cds.cern.ch/record/1644367",

}
